@CONFERENCE{aggarwal2004demand,
  author = {Aggarwal, C.C. and Han, J. and Wang, J. and Yu, P.S.},
  title = {On Demand Classification of Data Streams},
  booktitle = {Proceedings of the tenth ACM SIGKDD international conference on Knowledge
	discovery and data mining},
  year = {2004},
  pages = {503--508},
  file = {:aggarwal2004demand.pdf:PDF},
  isbn = {1581138881},
  keywords = {stream, classification},
  owner = {Chung-Yi}
}

@CONFERENCE{agrawal2002mining,
  author = {Agrawal, R. and Srikant, R.},
  title = {Mining Sequential Patterns},
  booktitle = {Proceedings of the Eleventh IEEE International Conference on Data
	Engineering, 1995.},
  year = {2002},
  pages = {3--14},
  file = {:agrawal2002mining.pdf:PDF},
  isbn = {0818669101},
  keywords = {pattern},
  owner = {Stream}
}

@ARTICLE{amoretti2010sensor,
  author = {Amoretti, M. and Wientapper, F. and Furfari, F. and Lenzi, S. and
	Chessa, S.},
  title = {Sensor Data Fusion for Activity Monitoring in Ambient Assisted Living
	Environments},
  journal = {Sensor Systems and Software},
  year = {2010},
  pages = {206--221},
  file = {:amoretti2010sensor.pdf:PDF},
  keywords = {activity, graphical},
  owner = {Graphical},
  publisher = {Springer}
}

@CONFERENCE{asur2007correlation,
  author = {Asur, S. and Parthasarathy, S.},
  title = {Correlation-based Feature Partitioning for Rare Event Detection in
	Wireless Sensor Networks},
  booktitle = {First International Workshop on Knowledge Discovery from Sensor Data,
	Sensor-KDD, San Jose},
  year = {2007},
  file = {:asur2007correlation.pdf:PDF},
  keywords = {event detection},
  owner = {Todd}
}

@ARTICLE{babitski2009ontology,
  author = {Babitski, G. and Bergweiler, S. and Hoffmann, J. and Sch{\"o}n, D.
	and Stasch, C. and Walkowski, A.},
  title = {Ontology-Based Integration of Sensor Web Services in Disaster Management},
  journal = {GeoSpatial Semantics},
  year = {2009},
  pages = {103--121},
  file = {:babitski2009ontology.pdf:PDF},
  keywords = {disaster, ontology, sensor web},
  publisher = {Springer}
}

@ARTICLE{bahrepour2008automatic,
  author = {Bahrepour, M. and Meratnia, N. and Havinga, PJM},
  title = {Automatic Fire Detection: A Survey from Wireless Sensor Network Perspective},
  year = {2008},
  file = {:bahrepour2008automatic.pdf:PDF},
  issn = {1381-3625},
  keywords = {disaster, fire},
  owner = {Wei-Lun},
  publisher = {Citeseer}
}

@ARTICLE{bandyopadhyay2006clustering,
  author = {Bandyopadhyay, S. and Giannella, C. and Maulik, U. and Kargupta,
	H. and Liu, K. and Datta, S.},
  title = {Clustering Distributed Data Streams in Peer-to-Peer Environments},
  journal = {Information Sciences},
  year = {2006},
  volume = {176},
  pages = {1952--1985},
  number = {14},
  file = {:bandyopadhyay2006clustering.pdf:PDF},
  issn = {0020-0255},
  keywords = {stream, cluster},
  publisher = {Elsevier}
}

@CONFERENCE{becker2009traffic,
  author = {Becker, M. and Bohlmann, S. and Schaust, S.},
  title = {Traffic Analysis and Classification with Bio-Inspired and Classical
	Algorithms in Sensor Networks},
  booktitle = {IEEE International Symposium on Performance Evaluation of Computer
	and Telecommunication Systems, 2008. (SPECTS)},
  year = {2009},
  pages = {67--73},
  file = {:becker2009traffic.pdf:PDF},
  keywords = {classification},
  owner = {Chung-Yi}
}

@ARTICLE{bettini2002discovering,
  author = {Bettini, C. and Wang, XS and Jajodia, S. and Lin, J.L.},
  title = {Discovering Frequent Event Patterns with Multiple Granularities in
	Time Sequences},
  journal = {IEEE Transactions on Knowledge and Data Engineering},
  year = {2002},
  volume = {10},
  pages = {222--237},
  number = {2},
  file = {:bettini2002discovering.pdf:PDF},
  issn = {1041-4347},
  keywords = {stream},
  owner = {Stream},
  publisher = {IEEE}
}

@CONFERENCE{bontempi2005adaptive,
  author = {Bontempi, G. and Le Borgne, Y.},
  title = {An Adaptive Modular Approach to the Mining of Sensor Network Data},
  booktitle = {Workshop on Data Mining in Sensor Networks, Philadeplhia (PA), USA},
  year = {2005},
  file = {:bontempi2005adaptive.pdf:PDF},
  keywords = {classification},
  owner = {Chung-Yi}
}

@ARTICLE{botts2007bringing,
  author = {Botts, M. and Robin, A.},
  title = {Bringing the Sensor Web Together},
  journal = {Geosciences},
  year = {2007},
  volume = {6},
  pages = {46--53},
  file = {:botts2007bringing.pdf:PDF},
  keywords = {application, change detection, disaster, sensor web}
}

@ARTICLE{branch2006network,
  author = {Branch, J. and Szymanski, B. and Giannella, C. and Wolff, R. and
	Kargupta, H.},
  title = {In-Network Outlier Detection in Wireless Sensor Networks},
  year = {2006},
  file = {:branch2006network.pdf:PDF},
  issn = {1063-6927},
  keywords = {anomaly, outlier},
  owner = {Hsun-Ping},
  publisher = {IEEE Computer Society},
  review = {HP: Branch et al. [2006] proposed a technique based on distance similarity
	to identify global outliers in sensor networks.
	
	HP: (Branch, Szymanski et al. 2006; Chen, Kher et al. 2006; Gupta,
	Rong et al. 2007; Yinghua and Xuemei [edit: Zhou and Cai] 2009)used
	the probability or correlation modeling methods to the sensor fault
	probability into the optimal event detection process. To model conditional
	dependence among the observations of sensor attributes Bayesian network-based
	approaches use a probabilistic graphical model to represent a set
	of variables and their probabilistic ndependencies.}
}

@CONFERENCE{budhaditya2009effective,
  author = {Budhaditya, S. and Pham, D.S. and Lazarescu, M. and Venkatesh, S.},
  title = {Effective Anomaly Detection in Sensor Networks Data Streams},
  booktitle = {2009 Ninth IEEE International Conference on Data Mining},
  year = {2009},
  pages = {722--727},
  file = {:budhaditya2009effective.pdf:PDF},
  issn = {1550-4786},
  keywords = {anomaly},
  owner = {Hsun-Ping}
}

@ARTICLE{burns2010intel,
  author = {Adam Burns},
  title = {Intel M2M Transformation},
  year = {2010},
  file = {:burns2010intel.pdf:PDF},
  keywords = {application}
}

@CONFERENCE{chaczko2005wireless,
  author = {Chaczko, Z. and Ahmad, F.},
  title = {Wireless Sensor Network Based System for Fire Endangered Areas},
  booktitle = {Third IEEE International Conference on Information Technology and
	Applications},
  year = {2005},
  volume = {2},
  pages = {203--207},
  file = {:chaczko2005wireless.pdf:PDF},
  isbn = {0769523161},
  keywords = {disaster, fire},
  owner = {Wei-Lun}
}

@CONFERENCE{chen2006distributed,
  author = {Chen, J. and Kher, S. and Somani, A.},
  title = {Distributed Fault Detection of Wireless Sensor Networks},
  booktitle = {Proceedings of the 2006 ACM Workshop on Dependability Issues in Wireless
	Ad Hoc Networks and Sensor Networks},
  year = {2006},
  pages = {65--72},
  file = {:chen2006distributed.pdf:PDF},
  isbn = {1595934715},
  keywords = {fault},
  owner = {Graphical},
  review = {HP: Chen et al. [2006] proposed a distributed localized faulty sensor
	detection algorithm where each sensor identifies its own status to
	be either good or faulty and the claim is then supported or reverted
	by its neighbors as they also evaluate the node behavior.
	
	HP: (Branch, Szymanski et al. 2006; Chen, Kher et al. 2006; Gupta,
	Rong et al. 2007; Yinghua and Xuemei [edit: Zhou and Cai] 2009)used
	the probability or correlation modeling methods to the sensor fault
	probability into the optimal event detection process. To model conditional
	dependence among the observations of sensor attributes Bayesian network-based
	approaches use a probabilistic graphical model to represent a set
	of variables and their probabilistic ndependencies.}
}

@ARTICLE{chen2006data,
  author = {Chen, L. and Wainwright, M.J. and {\k{I}}etin, M. and Willsky, A.S.},
  title = {Data Association Based on Optimization in Graphical Models with Application
	to Sensor Networks},
  journal = {Mathematical and Computer Modelling},
  year = {2006},
  volume = {43},
  pages = {1114--1135},
  number = {9-10},
  file = {:chen2006data.pdf:PDF},
  issn = {0895-7177},
  keywords = {graphical},
  owner = {Graphical},
  publisher = {Elsevier}
}

@CONFERENCE{chen2002multi,
  author = {Chen, Y. and Dong, G. and Han, J. and Wah, B.W. and Wang, J.},
  title = {Multi-dimensional Regression Analysis of Time-series Data Streams},
  booktitle = {Proceedings of the 28th international conference on Very Large Data
	Bases},
  year = {2002},
  pages = {323--334},
  file = {:chen2002multi.pdf:PDF},
  keywords = {stream, regression, time series},
  owner = {Stream}
}

@ARTICLE{cheng2010hierarchical,
  author = {Cheng, X. and Xu, J. and Pei, J. and Liu, J.},
  title = {Hierarchical Distributed Data Classification in Wireless Sensor Networks},
  journal = {Computer Communications},
  year = {2010},
  volume = {33},
  pages = {1404--1413},
  number = {12},
  file = {:cheng2010hierarchical.pdf:PDF},
  issn = {0140-3664},
  keywords = {classification},
  owner = {Todd},
  publisher = {Elsevier}
}

@CONFERENCE{chu2006approximate,
  author = {Chu, D. and Deshpande, A. and Hellerstein, J.M. and Hong, W.},
  title = {Approximate Data Collection In Sensor Networks Using Probabilistic
	Models},
  booktitle = {Proceedings of the 22nd IEEE International Conference on Data Engineering
	(ICDE)},
  year = {2006},
  pages = {48},
  file = {:chu2006approximate.pdf:PDF},
  isbn = {0769525709},
  keywords = {Intel Lab data, survey},
  owner = {Chung-Yi}
}

@CONFERENCE{cleary2001enhanced,
  author = {Cleary, T. G.; Ono, T.},
  title = {Enhanced Residential Fire Detection by Combining Smoke and CO Sensors},
  booktitle = {International Conference on Automatic Fire Detection (AUBE)},
  year = {2001},
  editor = {Beall, K.; Grosshandler, W. L.; Luck, H.},
  number = {12th Proceedings},
  pages = {346-357},
  month = {March 25-28},
  note = {Sponsor: Department of Housing and Urban Development, Washington,
	DC},
  file = {:cleary2001enhanced.pdf:PDF},
  keywords = {disaster, fire, event detection},
  owner = {Chung-Yi}
}

@ARTICLE{cohen2008real,
  author = {Cohen, L. and Avrahami-Bakish, G. and Last, M. and Kandel, A. and
	Kipersztok, O.},
  title = {Real-time data mining of non-stationary data streams from sensor
	networks},
  journal = {Information Fusion},
  year = {2008},
  volume = {9},
  pages = {344--353},
  number = {3},
  file = {:cohen2008real.pdf:PDF},
  issn = {1566-2535},
  keywords = {stream, classification},
  publisher = {Elsevier},
  review = {YS: Cohen et al. [3] have proposed a incremental online classification
	system called IOLIN for continuous non-stationary data streams from
	sensor networks. The system keeps updates an existing classification
	model as long as no major concept drift is detected. The experimental
	results show that IOLIN not only saves a significant computation
	time than OLIN but also has similar performance in accuracy to OLIN.}
}

@ARTICLE{cormode2005s,
  author = {Cormode, G. and Muthukrishnan, S.},
  title = {What's Hot and What's Not: Tracking Most Frequent Items Dynamically},
  journal = {ACM Transactions on Database Systems (TODS)},
  year = {2005},
  volume = {30},
  pages = {249--278},
  number = {1},
  file = {:cormode2005s.pdf:PDF},
  issn = {0362-5915},
  keywords = {stream, pattern},
  publisher = {ACM}
}

@CONFERENCE{davidson2005distributed,
  author = {Davidson, I. and Ravi, SS},
  title = {Distributed Pre-processing of Data nn Networks of Berkeley Motes
	using Non-Parametric EM},
  booktitle = {Proceedings of SIAM SDM Workshop on Data Mining in Sensor Networks},
  year = {2005},
  pages = {17--27},
  file = {:davidson2005distributed.pdf:PDF},
  keywords = {graphical, cluster}
}

@CONFERENCE{ding2002decision,
  author = {Ding, Q. and Ding, Q. and Perrizo, W.},
  title = {Decision Tree Classification of Spatial Data Streams Using Peano
	Count Trees},
  booktitle = {Proceedings of the 2002 ACM symposium on Applied computing},
  year = {2002},
  pages = {413--417},
  file = {:ding2002decision.pdf:PDF},
  isbn = {1581134452},
  keywords = {stream, classification},
  owner = {Chung-Yi}
}

@CONFERENCE{domingos2000mining,
  author = {Domingos, P. and Hulten, G.},
  title = {Mining High-speed Data Streams},
  booktitle = {Proceedings of the Sixth ACM SIGKDD International Conference on Knowledge
	Discovery and Data Mining},
  year = {2000},
  pages = {71--80},
  file = {:domingos2000mining.pdf:PDF},
  isbn = {1581132336},
  keywords = {stream, classification},
  review = {YS: Dominngos et al. [1] have developed an efficient incremental decision
	tree algorithm called VFDT (very fast decision trees learner). The
	VFDT system uses Hoeffding bounds to guarantee that its output is
	asymptotically nearly identical to that of a conventional learner.
	It produces a single model based on a decision tree learning method
	on a stationary data stream. The system will degrade its performance
	if the concept drift happens.}
}

@CONFERENCE{dong2003online,
  author = {Dong, G. and Han, J. and Lakshmanan, L.V.S. and Pei, J. and Wang,
	H. and Yu, P.S.},
  title = {Online Mining of Changes from Data Streams: Research Problems and
	Preliminary Results},
  booktitle = {Proceedings of the 2003 ACM SIGMOD Workshop on Management and Processing
	of Data Streams},
  year = {2003},
  file = {:dong2003online.pdf:PDF},
  keywords = {stream}
}

@ARTICLE{erjongmanee2008network,
  author = {Erjongmanee, S. and Ji, C.},
  title = {Network Service Disruption Upon Natural Disaster: Inference Using
	Sensory Measurements and Human Inputs},
  journal = {Knowledge Discovery from Sensor Data (Sensor-KDD 2008)},
  pages = {67},
  file = {:erjongmanee2008network.pdf:PDF},
  keywords = {disaster, knowledge discovery}
}

@ARTICLE{ermes2008detection,
  author = {Ermes, M. and Parkka, J. and Mantyjarvi, J. and Korhonen, I.},
  title = {Detection of Daily Activities and Sports with Wearable Sensors in
	Controlled and Uncontrolled Conditions},
  journal = {IEEE Transactions on Information Technology in Biomedicine},
  year = {2008},
  volume = {12},
  pages = {20--26},
  number = {1},
  file = {:ermes2008detection.pdf:PDF},
  issn = {1089-7771},
  keywords = {activity, pattern},
  publisher = {IEEE}
}

@INPROCEEDINGS{fan2004systematic,
  author = {Fan, Wei},
  title = {Systematic Data Selection to Mine Concept-Drifting Data Streams},
  booktitle = {Proceedings of the Tenth ACM SIGKDD International Conference on Knowledge
	Discovery and Data Mining},
  year = {2004},
  series = {KDD '04},
  pages = {128--137},
  address = {New York, NY, USA},
  publisher = {ACM},
  file = {:fan2004systematic.pdf:PDF},
  isbn = {1-58113-888-1},
  keywords = {concept-drift, data streams, decision trees},
  location = {Seattle, WA, USA},
  numpages = {10},
  owner = {Stream}
}

@ARTICLE{fiedrich2007agent,
  author = {Fiedrich, F. and Burghardt, P.},
  title = {Agent-based Systems for Disaster Management},
  journal = {Communications of the ACM},
  year = {2007},
  volume = {50},
  pages = {41--42},
  number = {3},
  file = {:fiedrich2007agent.pdf:PDF},
  issn = {0001-0782},
  keywords = {disaster, agent},
  publisher = {ACM}
}

@PATENT{friedlander2010system,
  nationality = {US},
  number = {7,693,663},
  year = {2010},
  author = {Friedlander, R.R. and Kraemer, J.R.},
  title = {System and Method for Detection of Earthquakes and Tsunamis, and
	Hierarchical Analysis, Threat Classification, and Interface to Warning
	Systems},
  month = apr # {~6},
  file = {:friedlander2010system.pdf:PDF},
  keywords = {application}
}

@CONFERENCE{frigo2010sensor,
  author = {Frigo, J. and Kulathumani, V. and Brennan, S. and Rosten, E. and
	Raby, E.},
  title = {Sensor Network Based Vehicle Classification And License Plate Identification
	System},
  booktitle = {Sixth IEEE International Conference on Networked Sensing Systems,
	2009. (INSS)},
  year = {2010},
  pages = {1--4},
  file = {:frigo2010sensor.pdf:PDF},
  keywords = {classification},
  owner = {Todd}
}

@ARTICLE{gaber2005board,
  author = {Gaber, M. and Krishnaswamy, S. and Zaslavsky, A.},
  title = {On-Board Mining of Data Streams in Sensor Networks},
  journal = {Advanced Methods for Knowledge Discovery from Complex Data},
  year = {2005},
  pages = {307--335},
  file = {:gaber2005board.pdf:PDF},
  keywords = {stream, pattern, classification},
  publisher = {Springer}
}

@ARTICLE{gaber2010data,
  author = {Gaber, M.M. and Zaslavsky, A. and Krishnaswamy, S.},
  title = {Data Stream Mining},
  journal = {Data Mining and Knowledge Discovery Handbook},
  year = {2010},
  pages = {759--787},
  file = {:gaber2010data.pdf:PDF},
  keywords = {stream},
  owner = {Stream},
  publisher = {Springer}
}

@ARTICLE{gaber2005mining,
  author = {Gaber, M.M. and Zaslavsky, A. and Krishnaswamy, S.},
  title = {Mining Data Streams: A Review},
  journal = {ACM Sigmod Record},
  year = {2005},
  volume = {34},
  pages = {18--26},
  number = {2},
  file = {:gaber2005mining.pdf:PDF},
  issn = {0163-5808},
  keywords = {stream},
  owner = {Stream},
  publisher = {ACM}
}

@BOOK{gama2007learning,
  title = {Learning from Data Streams: Processing Techniques in Sensor Networks},
  publisher = {Springer-Verlag New York Inc},
  year = {2007},
  author = {Gama, J. and Gaber, M.M.},
  file = {:gama2007learning.pdf:PDF},
  isbn = {3540736786},
  keywords = {stream}
}

@ARTICLE{ganti2002mining,
  author = {Ganti, V. and Gehrke, J. and Ramakrishnan, R.},
  title = {Mining Data Streams Under Block Evolution},
  journal = {ACM SIGKDD Explorations Newsletter},
  year = {2002},
  volume = {3},
  pages = {10},
  number = {2},
  file = {:ganti2002mining.pdf:PDF},
  issn = {1931-0145},
  keywords = {stream, classification},
  publisher = {ACM}
}

@ARTICLE{giannella2003mining,
  author = {Giannella, C. and Han, J. and Pei, J. and Yan, X. and Yu, P.S.},
  title = {Mining Frequent Patterns in Data Streams at Multiple Time Granularities},
  journal = {Next Generation Data Mining},
  year = {2003},
  volume = {212},
  pages = {191--212},
  file = {:giannella2003mining.pdf:PDF},
  keywords = {stream, pattern, time series},
  owner = {Stream},
  publisher = {Citeseer}
}

@CONFERENCE{gu2005lightweight,
  author = {Gu, L. and Jia, D. and Vicaire, P. and Yan, T. and Luo, L. and Tirumala,
	A. and Cao, Q. and He, T. and Stankovic, J.A. and Abdelzaher, T.
	and others},
  title = {Lightweight Detection and Classification for Wireless Sensor Networks
	in Realistic Environments},
  booktitle = {SenSys’ 05},
  year = {2005},
  pages = {205--217},
  file = {:gu2005lightweight.pdf:PDF},
  keywords = {classification},
  owner = {Todd}
}

@CONFERENCE{guestrin2004distributed,
  author = {Guestrin, C. and Bodik, P. and Thibaux, R. and Paskin, M. and Madden,
	S.},
  title = {Distributed Regression: An Efficient Framework for Modeling Sensor
	Network Data},
  booktitle = {Proceedings of the 3rd ACM International Symposium on Information
	Processing in Sensor Networks},
  year = {2004},
  pages = {1--10},
  file = {:guestrin2004distributed.pdf:PDF},
  isbn = {1581138466},
  keywords = {regression, Intel Lab data, survey},
  owner = {Todd}
}

@ARTICLE{guha2003clustering,
  author = {Guha, S. and Meyerson, A. and Mishra, N. and Motwani, R. and O'Callaghan,
	L.},
  title = {Clustering Data Streams: Theory and Practice},
  journal = {IEEE Transactions on Knowledge and Data Engineering},
  year = {2003},
  pages = {515--528},
  file = {:guha2003clustering.pdf:PDF},
  issn = {1041-4347},
  keywords = {stream, cluster},
  owner = {Stream},
  publisher = {Published by the IEEE Computer Society}
}

@CONFERENCE{gupta2008andes,
  author = {Gupta, S. and Zheng, R. and Cheng, A.M.K.},
  title = {ANDES: An Anomaly Detection System For Wireless Sensor Networks},
  booktitle = {IEEE Internatonal Conference on Mobile Adhoc and Sensor Systems (MASS)},
  year = {2008},
  pages = {1--9},
  file = {:gupta2008andes.pdf:PDF},
  keywords = {anomaly},
  owner = {Hsun-Ping},
  review = {HP: Gupta et al. [2007] correlates information from two sources: one
	in the data plane as a result of regular data collection in WSNs,
	the other in the management plane implemented via a separate routing
	protocol, making it resilient to routing anomaly in the data plane.
	
	HP: (Branch, Szymanski et al. 2006; Chen, Kher et al. 2006; Gupta,
	Rong et al. 2007; Yinghua and Xuemei [edit: Zhou and Cai] 2009)used
	the probability or correlation modeling methods to the sensor fault
	probability into the optimal event detection process. To model conditional
	dependence among the observations of sensor attributes Bayesian network-based
	approaches use a probabilistic graphical model to represent a set
	of variables and their probabilistic ndependencies.}
}

@CONFERENCE{guralnik1999event,
  author = {Guralnik, V. and Srivastava, J.},
  title = {Event Detection from Time Series Data},
  booktitle = {Proceedings of the Fifth ACM SIGKDD International Conference on Knowledge
	Discovery and Data Mining},
  year = {1999},
  pages = {33--42},
  file = {:guralnik1999event.pdf:PDF},
  isbn = {1581131437},
  keywords = {pattern, time series, change detection, event detection}
}

@CONFERENCE{halatchev2005estimating,
  author = {Halatchev, M. and Gruenwald, L.},
  title = {Estimating Missing Values in Related Sensor Data Streams},
  booktitle = {COMAD},
  year = {2005},
  pages = {83--94},
  file = {:halatchev2005estimating.pdf:PDF},
  keywords = {stream, association rule}
}

@CONFERENCE{himber2001time,
  author = {Himberg, Johan and Korpiaho, Kalle and Mannila, Heikki and Tikanm\"{a}ki,
	Johanna and Toivonen, Hannu},
  title = {Time Series Segmentation for Context Recognition in Mobile Devices},
  booktitle = {Proceedings of the 2001 IEEE International Conference on Data Mining},
  year = {2001},
  series = {ICDM '01},
  pages = {203--210},
  address = {Washington, DC, USA},
  publisher = {IEEE Computer Society},
  acmid = {756507},
  file = {:himber2001time.pdf:PDF},
  isbn = {0-7695-1119-8},
  keywords = {pattern, time series},
  numpages = {8},
  owner = {Stream},
  url = {http://portal.acm.org/citation.cfm?id=645496.756507}
}

@CONFERENCE{hiramatsu2005finding,
  author = {Hiramatsu, K. and Hattori, T. and Yamada, T. and Okadome, T.},
  title = {Finding Small Changes Using Sensor Networks},
  booktitle = {Proceedings Of Ubicomp 2005 Workshop on Smart Object Systems},
  year = {2005},
  file = {:hiramatsu2005finding.pdf:PDF},
  keywords = {anomaly, change detection}
}

@CONFERENCE{honda2007extracting,
  author = {Honda, S. and Fukui, K.I. and Moriyama, K. and Kurihara, S. and Numao,
	M.},
  title = {Extracting Human Behaviors with Infrared Sensor Network},
  booktitle = {Fourth IEEE International Conference on Networked Sensing Systems
	(INSS)},
  year = {2007},
  pages = {122--125},
  file = {:honda2007extracting.pdf:PDF},
  isbn = {1424412315},
  keywords = {application, pattern}
}

@CONFERENCE{hong2006classification,
  author = {Hong, J.H. and Kim, N.J. and Cha, E.J. and Lee, T.S.},
  title = {Classification Technique of Human Motion Context Based on Wireless
	Sensor Network},
  booktitle = {27th Annual International Conference of the Engineering in Medicine
	and Biology Society, 2005. (IEEE-EMBS)},
  year = {2006},
  pages = {5201--5202},
  file = {:hong2006classification.pdf:PDF},
  isbn = {0780387414},
  keywords = {activity, classification, application},
  owner = {Chung-Yi}
}

@CONFERENCE{hutchins2008modeling,
  author = {Hutchins, J. and Ihler, A. and Smyth, P.},
  title = {Modeling Count Data from Multiple Sensors: A Building Occupancy Model},
  booktitle = {2nd IEEE International Workshop on Computational Advances in Multi-Sensor
	Adaptive Processing, 2007 (CAMPSAP)},
  year = {2008},
  pages = {241--244},
  file = {:hutchins2008modeling.pdf:PDF},
  keywords = {activity, graphical},
  owner = {Graphical}
}

@CONFERENCE{idé2008computing,
  author = {Id{\'e}, T. and Papadimitriou, S. and Vlachos, M.},
  title = {Computing Correlation Anomaly Scores Using Stochastic Nearest Neighbors},
  booktitle = {Seventh IEEE International Conference on Data Mining, 2007 (ICDM)},
  year = {2008},
  pages = {523--528},
  file = {:idé2008computing.pdf:PDF},
  issn = {1550-4786},
  keywords = {anomaly},
  owner = {Hsun-Ping},
  review = {HP: Id´e et al. [2007] solve this problem based on a neighborhood
	preservation principle — if the system is working normally, the neighborhood
	graph of each sensor is almost invariant against the fluctuations
	of experimental conditions. Related work in outlier detection has
	also been found in event detection domain of WSNs. Much work uses
	a probabilistic graphical model or Nearest Neighbor-Based Technique
	to model the event detection task.
	
	HP: The Nearest Neighbor-Based Techniques are used in (Id'e, Papadimitriou
	et al. 2007; Zhang, Shi et al. 2007) to identify the fault sensors.}
}

@CONFERENCE{indyk2000identifying,
  author = {Indyk, P. and Koudas, N. and Muthukrishnan, S.},
  title = {Identifying Representative Trends in Massive Time Series Data Sets
	using Sketches},
  booktitle = {Proceedings of the 26th International Conference on Very Large Data
	Bases},
  year = {2000},
  pages = {372},
  file = {:indyk2000identifying.pdf:PDF},
  isbn = {1558607153},
  keywords = {pattern, time series},
  owner = {Stream}
}

@ARTICLE{jakkula2009enhancing,
  author = {Jakkula, V.R. and Crandall, A.S. and Cook, D.J.},
  title = {Enhancing Anomaly Detection using Temporal Pattern Discovery},
  journal = {Advanced Intelligent Environments},
  year = {2009},
  pages = {175--194},
  file = {:jakkula2009enhancing.pdf:PDF},
  keywords = {anomaly},
  owner = {Hsun-Ping},
  publisher = {Springer}
}

@CONFERENCE{janakiram2006outlier,
  author = {Janakiram, D. and Reddy, A.M. and Kumar, P. and others},
  title = {Outlier Detection in Wireless Sensor Networks using Bayesian Belief
	Networks},
  booktitle = {First IEEE International Conference on Communication System Software
	and Middleware, 2006 (Comsware)},
  year = {2006},
  pages = {1--6},
  file = {:janakiram2006outlier.pdf:PDF},
  isbn = {0780395751},
  keywords = {graphical, outlier},
  owner = {Graphical},
  review = {HP: Janakiram et al. [2006] present a technique based on Bayesian
	belief network (BBN) to identify local outliers in streaming sensor
	data. Each node trains a BBN to detect outliers based on behaviors
	of its neighbors' readings and its own reading.
	
	HP: (Janakiram, Adi Mallikarjuna Reddy et al. 2006; Luo, Dong et al.
	2006)present a technique based on Bayesian belief network (BBN) to
	identify outliers train based on behaviors of its neighbors' readings
	as well as its own reading.}
}

@MISC{ji2008multivariate,
  author = {Ji, P. and Szczodrak, M.},
  title = {A Multivariate Model for Data Cleansing in Sensor Networks},
  year = {2008},
  file = {:ji2008multivariate.pdf:PDF},
  keywords = {classification},
  owner = {Todd},
  publisher = {ACITA}
}

@ARTICLE{jiang2006research,
  author = {Jiang, N. and Gruenwald, L.},
  title = {Research Issues in Data Stream Association Rule Mining},
  journal = {ACM Sigmod Record},
  year = {2006},
  volume = {35},
  pages = {14--19},
  number = {1},
  file = {:jiang2006research.pdf:PDF},
  issn = {0163-5808},
  keywords = {stream, association rule},
  owner = {Stream},
  publisher = {ACM}
}

@ARTICLE{jindal2006modeling,
  author = {Jindal, A. and Psounis, K.},
  title = {Modeling Spatially Correlated Data in Sensor Networks},
  journal = {ACM Transactions on Sensor Networks (TOSN)},
  year = {2006},
  volume = {2},
  pages = {466--499},
  number = {4},
  file = {:jindal2006modeling.pdf:PDF},
  issn = {1550-4859},
  keywords = {Intel Lab data, survey},
  owner = {Chung-Yi},
  publisher = {ACM}
}

@CONFERENCE{jirka2009applying,
  author = {Jirka, S. and Br{\"o}ring, A. and Stasch, C.},
  title = {Applying OGC Sensor Web Enablement to Risk Monitoring and Disaster
	Management},
  booktitle = {GSDI 11 World Conference, Rotterdam, Netherlands},
  year = {2009},
  file = {:jirka2009applying.pdf:PDF},
  keywords = {disaster, sensor web}
}

@TECHREPORT{kadowakisensor,
  author = {Naoto Kadowaki},
  title = {Sensor Network Application Utilizing Satellite Networks},
  institution = {Advanced Telecommunications Research Institute},
  file = {:kadowakisensor.pdf:PDF},
  keywords = {application, tutorial},
  owner = {Wei-Lun}
}

@CONFERENCE{van2008accurate,
  author = {van Kasteren, T. and Noulas, A. and Englebienne, G. and Kr{\"o}se,
	B.},
  title = {Accurate Activity Recognition in a Home Setting},
  booktitle = {Proceedings of the 10th ACM International Conference on Ubiquitous
	Computing},
  year = {2008},
  pages = {1--9},
  file = {:van2008accurate.pdf:PDF},
  keywords = {activity, pattern}
}

@PATENT{kim2006distributional,
  nationality = {US},
  number = {App. 11/595,456},
  year = {2006},
  author = {Kim, S.H. and Doh, Y.M. and Pyo, C.S.},
  title = {Distributional Alert System for Disaster Prevention Utilizing Ubiquitous
	Sensor Network},
  month = nov # {~9},
  file = {:kim2006distributional.pdf:PDF},
  keywords = {disaster},
  owner = {Wei-Lun},
  publisher = {Google Patents}
}

@ARTICLE{krishnamachari2004distributed,
  author = {Krishnamachari, B. and Iyengar, S.},
  title = {Distributed Bayesian Algorithms for Fault-tolerant Event Region Detection
	in Wireless Sensor Networks},
  journal = {IEEE Transactions on Computers},
  year = {2004},
  pages = {241--250},
  file = {:krishnamachari2004distributed.pdf:PDF},
  issn = {0018-9340},
  keywords = {fault},
  publisher = {Published by the IEEE Computer Society}
}

@ARTICLE{kurihara2006sensor,
  author = {KURIHARA, T. and MIYAMOTO, K. and YAMANAKA, H. and GOKAN, S. and
	MORIWAKI, M. and NAGAI, S. and YASUDA, I. and SHIRAISHI, K. and OI,
	H. and KANDA, H. and others},
  title = {Sensor Network System for Municipal Crime and Disaster Prevention
	using RFID and Ubiquitous Sensor Network Technologies},
  journal = {Matsushita Tech J},
  year = {2006},
  volume = {52},
  pages = {168--174},
  number = {3},
  file = {:kurihara2006sensor.pdf:PDF},
  issn = {1343-9529},
  keywords = {disaster, tutorial}
}

@ARTICLE{last2002online,
  author = {Last, M.},
  title = {Online Classification of Nonstationary Data Streams},
  journal = {Intelligent Data Analysis},
  year = {2002},
  volume = {6},
  pages = {129--147},
  number = {2},
  file = {:last2002online.pdf:PDF},
  issn = {1088-467X},
  keywords = {stream, classification},
  owner = {Chung-Yi},
  publisher = {IOS Press},
  review = {YS: Last [2] indicates that ignoring concept drift in the data streams
	may degrade the predictive performance of a classification model.
	He proposed an online classification system,called OLIN, that can
	dynamically adjust the size of the training window to construct a
	classification model using information network. The system uses info-fuzzy
	techniques and information theory to adjust the window size. And
	a concept drift is detected by an unexpected rise in the classification
	error rate.}
}

@CONFERENCE{leung2007distributed,
  author = {Leung, C.K.S. and Khan, Q.I. and Hao, B.},
  title = {Distributed Mining of Constrained Patterns from Wireless Sensor Data},
  booktitle = {IEEE/WIC/ACM International Conference on Web Intelligence and Intelligent
	Agent Technology Workshops, 2006. (WI-IAT)},
  year = {2007},
  pages = {248--251},
  file = {:leung2007distributed.pdf:PDF},
  isbn = {0769527493},
  keywords = {pattern}
}

@CONFERENCE{li2008classification,
  author = {Li, Y.Y. and Parker, L.E.},
  title = {Classification with Missing Data in a Wireless Sensor Network},
  booktitle = {IEEE Southeastcon, 2008.},
  year = {2008},
  pages = {533--538},
  file = {:li2008classification.pdf:PDF},
  keywords = {classification},
  owner = {Todd}
}

@ARTICLE{lian2007gradient,
  author = {Lian, J. and Chen, L. and Naik, K. and Liu, Y. and Agnew, G.B.},
  title = {Gradient Boundary Detection for Time Series Snapshot Construction
	in Sensor Networks},
  journal = {IEEE Transactions on Parallel and Distributed Systems},
  year = {2007},
  pages = {1462--1475},
  file = {:lian2007gradient.pdf:PDF},
  issn = {1045-9219},
  keywords = {pattern, time series},
  publisher = {Published by the IEEE Computer Society}
}

@CONFERENCE{lin2003symbolic,
  author = {Lin, J. and Keogh, E. and Lonardi, S. and Chiu, B.},
  title = {A Symbolic Representation of Time Series, with Implications for Streaming
	Algorithms},
  booktitle = {Proceedings of the 8th ACM SIGMOD Workshop on Research Issues in
	Data Mining and Knowledge Discovery},
  year = {2003},
  pages = {2--11},
  file = {:lin2003symbolic.pdf:PDF},
  keywords = {stream, time series},
  owner = {Chung-Yi}
}

@ARTICLE{liumethods,
  author = {Liu, H. and Lin, Y. and Han, J.},
  title = {Methods for Mining Frequent Items in Data Streams: An Overview},
  journal = {Knowledge and Information Systems},
  pages = {1--30},
  file = {:liumethods.pdf:PDF},
  issn = {0219-1377},
  keywords = {stream},
  owner = {Stream},
  publisher = {Springer}
}

@ARTICLE{lusensor,
  author = {Lu, J. and Zeng, W. and Yang, M. and Suda, T. and Netgroup, ICS},
  title = {Sensor Network Researches in Disaster Scenarios},
  file = {:lusensor.pdf:PDF},
  keywords = {disaster}
}

@ARTICLE{luo2006distributed,
  author = {Luo, X. and Dong, M. and Huang, Y.},
  title = {On Distributed Fault-tolerant Detection in Wireless Sensor Networks},
  journal = {IEEE Transactions on Computers},
  year = {2006},
  pages = {58--70},
  file = {:luo2006distributed.pdf:PDF},
  issn = {0018-9340},
  keywords = {fault},
  publisher = {Published by the IEEE Computer Society},
  review = {HP: Luo et al.[2006] take into account different level of sensor fault
	probability during event detection.
	
	HP: (Janakiram, Adi Mallikarjuna Reddy et al. 2006; Luo, Dong et al.
	2006)present a technique based on Bayesian belief network (BBN) to
	identify outliers train based on behaviors of its neighbors' readings
	as well as its own reading.}
}

@CONFERENCE{lymberopoulos2009methodology,
  author = {Lymberopoulos, D. and Bamis, A. and Savvides, A.},
  title = {A Methodology for Extracting Temporal Properties from Sensor Network
	Data Streams},
  booktitle = {Proceedings of the 7th ACM International Conference on Mobile Systems,
	Applications, And Services},
  year = {2009},
  pages = {193--206},
  file = {:lymberopoulos2009methodology.pdf:PDF},
  keywords = {stream, time series},
  owner = {Stream}
}

@TECHREPORT{mandl2010nasa,
  author = {Dan Mandl},
  title = {NASA SensorWeb and OGC SensorWeb Standards for Disaster Management},
  institution = {NASA/GSFC},
  year = {2010},
  file = {:mandl2010nasa.pdf:PDF},
  keywords = {disaster, sensor web}
}

@CONFERENCE{mandl2009space,
  author = {Mandl, D. and Sohlberg, R. and Justice, C. and Ungar, S. and Ames,
	T. and Frye, S. and Chien, S. and Tran, D. and Cappelaere, P. and
	Sullivan, D. and others},
  title = {A Space-Based Sensor Web for Disaster Management},
  booktitle = {IEEE International Geoscience and Remote Sensing Symposium, 2008.
	(IGARSS)},
  year = {2009},
  volume = {5},
  file = {:mandl2009space.pdf:PDF},
  keywords = {disaster, sensor web}
}

@CONFERENCE{manku2002approximate,
  author = {Manku, G.S. and Motwani, R.},
  title = {Approximate Frequency Counts Over Data Streams},
  booktitle = {Proceedings of the 28th International Conference on Very Large Data
	Bases},
  year = {2002},
  pages = {346--357},
  file = {:manku2002approximate.pdf:PDF},
  keywords = {stream, pattern},
  owner = {Stream}
}

@ARTICLE{marin2010d,
  author = {Marin-Perianu, M. and Havinga, P.},
  title = {D-FLER--A Distributed Fuzzy Logic Engine For Rule-based Wireless
	Sensor Networks},
  journal = {Ubiquitous Computing Systems},
  year = {2010},
  pages = {86--101},
  file = {:marin2010d.pdf:PDF},
  keywords = {rule-based, event detection, disaster},
  owner = {Chung-Yi},
  publisher = {Springer}
}

@CONFERENCE{mazarakis2006lightweight,
  author = {Mazarakis, G. and Avaritsiotis, J.},
  title = {Lightweight Time Encoded Signal Processing for Vehicle Recognition
	in Sensor Networks},
  booktitle = {Research in Microelectronics and Electronics 2006, IEEE},
  year = {2006},
  pages = {497--500},
  file = {:mazarakis2006lightweight.pdf:PDF},
  isbn = {1424401577},
  keywords = {application, time series, classification},
  owner = {Todd}
}

@CONFERENCE{mcconnell2005distributed,
  author = {McConnell, S.M. and Skillicorn, D.B.},
  title = {A Distributed Approach For Prediction In Sensor Networks},
  booktitle = {Workshop on Data Mining in Sensor Networks, Newport Beach (CA), USA},
  year = {2005},
  file = {:mcconnell2005distributed.pdf:PDF},
  keywords = {classification},
  owner = {Chung-Yi}
}

@ARTICLE{mcerleandetection,
  author = {McErlean, D. and Narayanan, S.},
  title = {Detection, Tracking and Classification in Sensor Networks using Graphical
	Models},
  file = {:mcerleandetection.pdf:PDF},
  keywords = {graphical, classification},
  owner = {Graphical}
}

@CONFERENCE{meyn2010anomaly,
  author = {Meyn, S. and Surana, A. and Lin, Y. and Narayanan, S.},
  title = {Anomaly Detection Using Projective Markov Models in a Distributed
	Sensor Network},
  booktitle = {Proceedings of the 48th IEEE Conference on Decision and Control,
	2009 held jointly with the 2009 28th Chinese Control Conference.
	(CDC/CCC)},
  year = {2010},
  pages = {4662--4669},
  file = {:meyn2010anomaly.pdf:PDF},
  issn = {0191-2216},
  keywords = {anomaly},
  owner = {Graphical}
}

@ARTICLE{micheloni2009exploiting,
  author = {Micheloni, C. and Snidaro, L. and Foresti, G.L.},
  title = {Exploiting Temporal Statistics for Events Analysis and Understanding},
  journal = {Image and Vision Computing},
  year = {2009},
  volume = {27},
  pages = {1459--1469},
  number = {10},
  file = {:micheloni2009exploiting.pdf:PDF},
  issn = {0262-8856},
  keywords = {pattern},
  publisher = {Elsevier}
}

@CONFERENCE{miyazaki2009sensor,
  author = {Miyazaki, T. and Kawano, R. and Endo, Y. and Shitara, D.},
  title = {A Sensor Network for Surveillance of Disaster-Hit Region},
  booktitle = {4th IEEE International Symposium on Wireless Pervasive Computing,
	2009. (ISWPC)},
  year = {2009},
  pages = {1--6},
  file = {:miyazaki2009sensor.pdf:PDF},
  keywords = {disaster},
  owner = {Wei-Lun}
}

@CONFERENCE{mollanoori2008online,
  author = {Mollanoori, M. and Hormati, M.M. and Charkari, N.M.},
  title = {An Online Prediction Framework for Sensor Networks},
  booktitle = {16th Iranian Conference on Electrical Engineering},
  year = {2008},
  file = {:mollanoori2008online.pdf:PDF},
  keywords = {Intel Lab data, survey},
  owner = {Chung-Yi}
}

@ARTICLE{mubaraqrobust,
  author = {Mubaraq, S. and Tanya, M. and Ghazizadeh, R.A.},
  title = {Robust Estimation and Detection},
  file = {:mubaraqrobust.pdf:PDF},
  keywords = {graphical},
  owner = {Graphical},
  publisher = {Citeseer}
}

@ARTICLE{nasereddin2009stream,
  author = {Nasereddin, H.H.O.},
  title = {Stream Data Mining},
  year = {2009},
  file = {:nasereddin2009stream.pdf:PDF},
  keywords = {stream}
}

@ARTICLE{palpanas2003distributed,
  author = {Palpanas, T. and Papadopoulos, D. and Kalogeraki, V. and Gunopulos,
	D.},
  title = {Distributed Deviation Detection in Sensor Networks},
  journal = {ACM SIGMOD Record},
  year = {2003},
  volume = {32},
  pages = {77--82},
  number = {4},
  file = {:palpanas2003distributed.pdf:PDF},
  issn = {0163-5808},
  keywords = {anomaly, change detection},
  publisher = {ACM}
}

@CONFERENCE{papadimitriou2003adaptive,
  author = {Papadimitriou, S. and Brockwell, A. and Faloutsos, C.},
  title = {Adaptive, Hands-off Stream Mining},
  booktitle = {Proceedings of The 29th International Conference on Very Large Data
	Bases},
  year = {2003},
  volume = {29},
  pages = {560--571},
  file = {:papadimitriou2003adaptive.pdf:PDF},
  isbn = {0127224424},
  keywords = {stream, classification},
  owner = {Stream}
}

@ARTICLE{park2002distributed,
  author = {Park, B.H. and Kargupta, H.},
  title = {Distributed Data Mining: Algorithms, Systems, And Applications},
  journal = {Data Mining Handbook},
  year = {2002},
  pages = {341--358},
  file = {:park2002distributed.pdf:PDF},
  keywords = {classification},
  owner = {Todd},
  publisher = {Citeseer}
}

@ARTICLE{paschalidis2010statistical,
  author = {Paschalidis, I.C. and Chen, Y.},
  title = {Statistical Anomaly Detection with Sensor Networks},
  journal = {ACM Transactions on Sensor Networks (TOSN)},
  year = {2010},
  volume = {7},
  pages = {1--23},
  number = {2},
  file = {:paschalidis2010statistical.pdf:PDF},
  issn = {1550-4859},
  keywords = {anomaly},
  owner = {Graphical},
  publisher = {ACM},
  review = {HP: Ioannis Paschalidis et al. [2010] leverage large deviations techniques
	to develop optimal anomaly detection rules for each corresponding
	Markov model, assessing whether its most recent empirical measure
	is consistent with the anomaly-free probability law.
	
	HP: The work (Wang, Lizier et al. 2008; Paschalidis and Chen 2010)
	use graphical models such as Bayesian Networks or Hidden Markov Model
	which is suitable to learn the dependency between sensor data and
	detect abnormal events.}
}

@ARTICLE{perlman2002predictive,
  author = {Perlman, E. and Java, A.},
  title = {Predictive Mining of Time Series Data in Astronomy},
  journal = {Arxiv preprint astro-ph/0212413},
  year = {2002},
  file = {:perlman2002predictive.pdf:PDF},
  keywords = {pattern, time series},
  owner = {Stream}
}

@CONFERENCE{phung2007resource,
  author = {Phung, N.D. and Gaber, M.M. and Rohm, U.},
  title = {Resource-Aware Online Data Mining in Wireless Sensor Networks},
  booktitle = {IEEE Symposium on Computational Intelligence and Data Mining, 2007.
	(CIDM)},
  year = {2007},
  pages = {139--146},
  file = {:phung2007resource.pdf:PDF},
  isbn = {1424407052},
  keywords = {stream, cluster}
}

@CONFERENCE{pogkas2006ad,
  author = {Pogkas, N. and Karastergios, G. and Antonopoulos, C. and Koubias,
	S. and Papadopoulos, G.},
  title = {An Ad-hoc Sensor Network for Disaster Relief Operations},
  booktitle = {10th IEEE Conference on Emerging Technologies and Factory Automation,
	2005. (ETFA)},
  year = {2006},
  volume = {2},
  pages = {9--139},
  file = {:pogkas2006ad.pdf:PDF},
  isbn = {0780394011},
  keywords = {disaster},
  owner = {Wei-Lun}
}

@ARTICLE{quaritsch2010networked,
  author = {Quaritsch, M. and Kruggl, K. and Wischounig-Strucl, D. and Bhattacharya,
	S. and Shah, M. and Rinner, B.},
  title = {Networked UAVs as Aerial Sensor Network for Disaster Management Applications},
  journal = {e \& i Elektrotechnik und Informationstechnik},
  year = {2010},
  volume = {127},
  pages = {56--63},
  number = {3},
  file = {:quaritsch2010networked.pdf:PDF},
  issn = {0932-383X},
  keywords = {disaster},
  owner = {Wei-Lun},
  publisher = {Springer}
}

@CONFERENCE{rachlin2006increasing,
  author = {Rachlin, Y. and Narayanaswamy, B. and Negi, R. and Dolan, J. and
	Khosla, P.},
  title = {Increasing Sensor Measurements to Reduce Detection Complexity in
	Large-scale Detection Applications},
  booktitle = {Proc. Military Communications Conference},
  year = {2006},
  file = {:rachlin2006increasing.pdf:PDF},
  keywords = {graphical},
  owner = {Graphical}
}

@CONFERENCE{radivojac2004learning,
  author = {Radivojac, P. and Korad, U. and Sivalingam, K.M. and Obradovic, Z.},
  title = {Learning from Class-Imbalanced Data in Wireless Sensor Networks},
  booktitle = {58th Vehicular Technology Conference, 2003. (IEEE-VTC)},
  year = {2004},
  volume = {5},
  pages = {3030--3034},
  file = {:radivojac2004learning.pdf:PDF},
  isbn = {0780379543},
  issn = {1090-3038},
  keywords = {classification},
  owner = {Todd}
}

@ARTICLE{ray2001bayesian,
  author = {Bonnie K. Ray and Ruey S. Tsay},
  title = {Bayesian Methods for Change-point Detection in Long-range Dependent
	Processes},
  year = {2001},
  file = {:ray2001bayesian.pdf:PDF},
  keywords = {graphical, change detection}
}

@CONFERENCE{romer2005event,
  author = {Romer, K. and Mattern, F.},
  title = {Event-Based Systems for Detecting Real-World States with Sensor Networks:
	A Critical Analysis},
  booktitle = {Proceedings of the 2004 Intelligent Sensors, Sensor Networks and
	Information Processing Conference, 2004.},
  year = {2005},
  pages = {389--395},
  file = {:romer2005event.pdf:PDF},
  isbn = {0780388941},
  keywords = {event detection},
  owner = {Todd}
}

@CONFERENCE{sana2007wireless,
  author = {Sana, S. and Matsumoto, M.},
  title = {A Wireless Sensor Network Protocol for Disaster Management},
  booktitle = {Information, Decision and Control, 2007. (IEEE-IDC)},
  year = {2007},
  pages = {209--213},
  file = {:sana2007wireless.pdf:PDF},
  isbn = {1424409020},
  keywords = {disaster, tutorial},
  owner = {Wei-Lun}
}

@TECHREPORT{schouppe2008sensor,
  author = {Michel Schouppe},
  title = {Sensor Networks for Disaster Management},
  institution = {European Commission, Information Society \& Media Directorate-General,
	Unit ICT for Sustainable Growth},
  year = {2008},
  file = {:schouppe2008sensor.pdf:PDF},
  keywords = {disaster, tutorial}
}

@ARTICLE{sharma2010sensor,
  author = {Sharma, A.B. and Golubchik, L. and Govindan, R.},
  title = {Sensor Faults: Detection Methods and Prevalence in Real-World Datasets},
  journal = {ACM Transactions on Sensor Networks (TOSN)},
  year = {2010},
  volume = {6},
  pages = {1--39},
  number = {3},
  file = {:sharma2010sensor.pdf:PDF},
  issn = {1550-4859},
  keywords = {fault},
  owner = {Hsun-Ping},
  publisher = {ACM}
}

@ARTICLE{shehory1999emergent,
  author = {Shehory, O. and Kraus, S. and Yadgar, O.},
  title = {Emergent Cooperative Goal-Satisfaction in Large-scale Automated-Agent
	Systems},
  journal = {Artificial Intelligence},
  year = {1999},
  volume = {110},
  pages = {1--55},
  number = {1},
  file = {:shehory1999emergent.pdf:PDF},
  issn = {0004-3702},
  keywords = {agent},
  owner = {Todd},
  publisher = {Citeseer}
}

@CONFERENCE{sheng2007outlier,
  author = {Sheng, B. and Li, Q. and Mao, W. and Jin, W.},
  title = {Outlier Detection in Sensor Networks},
  booktitle = {Proceedings of the 8th ACM International Symposium on Mobile Ad Hoc
	Networking and Computing},
  year = {2007},
  pages = {219--228},
  file = {:sheng2007outlier.pdf:PDF},
  keywords = {anomaly, outlier},
  owner = {Hsun-Ping}
}

@ARTICLE{shih2007intelligent,
  author = {Shih, F.Y. and Wu, Y.T. and Chuang, C.F. and Chen, J.L. and Lu, H.F.
	and Chang, Y.C.},
  title = {An Intelligent Sensor Network for Object Detection, Classification
	and Recognition},
  journal = {Journal of Information Science and Engineering},
  year = {2007},
  volume = {23},
  pages = {1955--1969},
  number = {6},
  file = {:shih2007intelligent.pdf:PDF},
  issn = {1016-2364},
  keywords = {classification},
  owner = {Todd},
  publisher = {Institute of Information Science, Academia sinica}
}

@ARTICLE{si2008knowledge,
  author = {Si, X. and Li, J. and Wang, Z.},
  title = {Knowledge-Oriented Sensor Web for Disaster Management: from Sensing
	to Decision Making},
  journal = {The International Archives of the Photogrammetry, Remote Sensing
	And Spatial Information Sciences, Beijing, China},
  year = {2008},
  volume = {4},
  number = {XXXVII},
  part = {B},
  file = {:si2008knowledge.pdf:PDF},
  keywords = {disaster, agent, rule-based, expert system, sensor web}
}

@CONFERENCE{siripanadorn2010anomaly,
  author = {Siripanadorn, S. and Hattagam, W. and Teaumroong, N.},
  title = {Anomaly Detection in Wireless Sensor Networks using Self-organizing
	Map and Wavelets},
  booktitle = {Proceedings of the 10th WSEAS International Conference on Applied
	Computer Science},
  year = {2010},
  pages = {381--387},
  note = {World Scientific and Engineering Academy and Society (WSEAS)},
  file = {:siripanadorn2010anomaly.pdf:PDF},
  keywords = {anomaly},
  owner = {Hsun-Ping}
}

@CONFERENCE{subramaniam2006online,
  author = {Subramaniam, S. and Palpanas, T. and Papadopoulos, D. and Kalogeraki,
	V. and Gunopulos, D.},
  title = {Online Outlier Detection in Sensor Data using Non-Parametric Models},
  booktitle = {Proceedings of the 32nd International Conference on Very large data
	bases},
  year = {2006},
  pages = {187--198},
  file = {:subramaniam2006online.pdf:PDF},
  keywords = {anomaly, outlier},
  owner = {Hsun-Ping},
  review = {HP: Subramaniam et al. [2006] demonstrate their framework can identify
	either distance- or density-based outliers in a single pass over
	the data, and with limited memory requirements.
	
	HP: The Nearest Neighbor-Based Techniques used in (Subramaniam, Palpanas
	et al. 2006) identify distance- or density-based outlier.}
}

@CONFERENCE{tan2007mine,
  author = {Tan, W. and Wang, Q. and Huang, H. and Guo, Y. and Zhang, G.},
  title = {Mine Fire Detection System Based on Wireless Sensor Network},
  booktitle = {International Conference on Information Acquisition, 2007. (IEEE-ICIA)},
  year = {2007},
  pages = {148--151},
  file = {:tan2007mine.pdf:PDF},
  isbn = {142441220X},
  keywords = {disaster, fire},
  owner = {Wei-Lun}
}

@CONFERENCE{taylor2006simultaneous,
  author = {Taylor, C. and Rahimi, A. and Bachrach, J. and Shrobe, H. and Grue,
	A.},
  title = {Simultaneous Localization, Calibration, and Tracking in an Ad Hoc
	Sensor Network},
  booktitle = {Proceedings of the 5th ACM International Conference on Information
	Processing in Sensor Networks},
  year = {2006},
  pages = {27--33},
  file = {:taylor2006simultaneous.pdf:PDF},
  isbn = {1595933344},
  keywords = {tracking}
}

@CONFERENCE{tolle2005macroscope,
  author = {Tolle, G. and Polastre, J. and Szewczyk, R. and Culler, D. and Turner,
	N. and Tu, K. and Burgess, S. and Dawson, T. and Buonadonna, P. and
	Gay, D. and others},
  title = {A Macroscope in the Redwoods},
  booktitle = {Proceedings of the 3rd ACM International Conference on Embedded Networked
	Sensor Systems},
  year = {2005},
  pages = {51--63},
  file = {:tolle2005macroscope.pdf:PDF},
  isbn = {159593054X},
  keywords = {application, event detection}
}

@ARTICLE{tseng2007energy,
  author = {Tseng, V.S. and Lin, K.W.},
  title = {Energy Efficient Strategies for Object Tracking in Sensor Networks:
	A Data Mining Approach},
  journal = {Journal of Systems and Software},
  year = {2007},
  volume = {80},
  pages = {1678--1698},
  number = {10},
  file = {:tseng2007energy.pdf:PDF},
  issn = {0164-1212},
  keywords = {energy, pattern},
  publisher = {Elsevier}
}

@ARTICLE{tseng2009energy,
  author = {Tseng, V.S. and Lu, E.H.C.},
  title = {Energy-Efficient Real-Time Object Tracking in Multi-level Sensor
	Networks by Mining and Predicting Movement Patterns},
  journal = {Journal of Systems and Software},
  year = {2009},
  volume = {82},
  pages = {697--706},
  number = {4},
  file = {:tseng2009energy.pdf:PDF},
  issn = {0164-1212},
  keywords = {energy, tracking, pattern},
  publisher = {Elsevier}
}

@ARTICLE{tulone2006paq,
  author = {Tulone, D. and Madden, S.},
  title = {PAQ: Time Series Forecasting for Approximate Query Answering in Sensor
	Networks},
  journal = {Wireless Sensor Networks},
  year = {2006},
  pages = {21--37},
  file = {:tulone2006paq.pdf:PDF},
  keywords = {pattern, regression, time series},
  owner = {Chung-Yi},
  publisher = {Springer}
}

@CONFERENCE{wan2009frequent,
  author = {Wan, L. and Liao, J. and Zhu, X.},
  title = {A Frequent Pattern Based Framework for Event Detection in Sensor
	Network Stream Data},
  booktitle = {Proceedings of the Third International Workshop on Knowledge Discovery
	from Sensor Data},
  year = {2009},
  pages = {87--96},
  organization = {ACM},
  file = {:wan2009frequent.pdf:PDF},
  keywords = {stream},
  owner = {Stream}
}

@CONFERENCE{wang2003mining,
  author = {Wang, H. and Fan, W. and Yu, P.S. and Han, J.},
  title = {Mining Concept-Drifting Data Streams using Ensemble Classifiers},
  booktitle = {Proceedings of the Ninth ACM SIGKDD International Conference on Knowledge
	Discovery and Data Mining},
  year = {2003},
  pages = {226--235},
  file = {:wang2003mining.pdf:PDF},
  isbn = {1581137370},
  keywords = {stream, classification}
}

@ARTICLE{wang2008spatiotemporal,
  author = {Wang, X. and Lizier, J. and Obst, O. and Prokopenko, M. and Wang,
	P.},
  title = {Spatiotemporal Anomaly Detection in Gas Monitoring Sensor Networks},
  journal = {Wireless Sensor Networks},
  year = {2008},
  pages = {90--105},
  file = {:wang2008spatiotemporal.pdf:PDF},
  keywords = {anomaly},
  owner = {Graphical},
  publisher = {Springer},
  review = {HP: Wang et al.[2008] show that the Bayesian Network model can learn
	cyclical baselines for gas concentrations, thus reducing false alarms
	usually caused by flat line thresholds
	
	HP: The work (Wang, Lizier et al. 2008; Paschalidis and Chen 2010)
	use graphical models such as Bayesian Networks or Hidden Markov Model
	which is suitable to learn the dependency between sensor data and
	detect abnormal events.}
}

@TECHREPORT{welsh2005codeblue,
  author = {Matt Welsh},
  title = {CodeBlue: A Wireless Sensor Network for Medical Care and Disaster
	Response},
  institution = {Harvard University, Division of Engineering and Applied Sciences},
  year = {2005},
  file = {:welsh2005codeblue.pdf:PDF},
  keywords = {disaster}
}

@CONFERENCE{werner2005monitoring,
  author = {Werner-Allen, G. and Johnson, J. and Ruiz, M. and Lees, J. and Welsh,
	M.},
  title = {Monitoring Volcanic Eruptions with a Wireless Sensor Network},
  booktitle = {Proceeedings of the Second IEEE European Workshop on Wireless Sensor
	Networks, 2005.},
  year = {2005},
  pages = {108--120},
  file = {:werner2005monitoring.pdf:PDF},
  isbn = {0780388011},
  keywords = {disaster, volcano}
}

@ARTICLE{wilson2005simultaneous,
  author = {Wilson, D.H. and Atkeson, C.},
  title = {Simultaneous Tracking and Activity Recognition (STAR) using Many
	Anonymous, Binary Sensors},
  journal = {Pervasive Computing},
  year = {2005},
  pages = {62--79},
  file = {:wilson2005simultaneous.pdf:PDF},
  keywords = {activity, pattern},
  publisher = {Springer}
}

@CONFERENCE{yadgar2007emergent,
  author = {Yadgar, O.},
  title = {Emergent Ad Hoc Sensor Network Connectivity in Large-scale Disaster
	Zones},
  booktitle = {Proceedings of the 6th ACM International Joint Conference on Autonomous
	Agents and Multiagent Systems},
  year = {2007},
  pages = {1--2},
  file = {:yadgar2007emergent.pdf:PDF},
  keywords = {disaster, agent},
  owner = {Wei-Lun}
}

@CONFERENCE{yadgar2003cooperative,
  author = {Yadgar, O. and Ortiz Jr, C.L. and Kraus, S. and Sharabi, E.},
  title = {Cooperative Large Scale Mobile Agent Systems},
  booktitle = {Proceedings of the Autonomous Intelligent Networks and Systems Symposium},
  year = {2003},
  file = {:yadgar2003cooperative.pdf:PDF},
  keywords = {agent},
  owner = {Todd}
}

@ARTICLE{yang2008non,
  author = {Yang, Chunyu and Zhou, Jie},
  title = {Non-Stationary Data Sequence Classification using Online Class Priors
	Estimation},
  journal = {Pattern Recognition},
  year = {2008},
  volume = {41},
  pages = {2656--2664},
  number = {8},
  month = {August},
  file = {:yang2008non.pdf:PDF},
  issn = {0031-3203},
  keywords = {pattern, classification},
  publisher = {Elsevier},
  review = {YS: Yang et al. [4] indicate that class prior may vary for non-stationary
	data sequence but most of the online classification models regard
	class prior as constant. He proposed an online incremental EM algorithm
	to estimate the class prior for sequential data classification. The
	experimental results show that the system improves the performance
	dramatically on data sequence where the class priors evolve.}
}

@CONFERENCE{yick2006analysis,
  author = {Yick, J. and Mukherjee, B. and Ghosal, D.},
  title = {Analysis of a Prediction-based Mobility Adaptive Tracking Algorithm},
  booktitle = {2nd IEEE International Conference on Broadband Networks, 2005. BroadNets
	2005.},
  year = {2006},
  pages = {753--760},
  file = {:yick2006analysis.pdf:PDF},
  isbn = {0780392760},
  keywords = {tracking}
}

@ARTICLE{yin2008sensor,
  author = {Yin, J. and Yang, Q. and Pan, J.J.},
  title = {Sensor-based Abnormal Human-Activity Detection},
  journal = {IEEE Transactions on Knowledge and Data Engineering},
  year = {2008},
  volume = {20},
  pages = {1082--1090},
  number = {8},
  file = {:yin2008sensor.pdf:PDF},
  issn = {1041-4347},
  keywords = {activity, classification},
  owner = {Chung-Yi},
  publisher = {IEEE}
}

@CONFERENCE{yu2007neural,
  author = {Yu, Z.J. and Dong, S.L. and Wei, J.M. and Xing, T. and Liu, H.T.},
  title = {Neural Network Aided Unscented Kalman Filter for Maneuvering Target
	Tracking in Distributed Acoustic Sensor Networks},
  booktitle = {IEEE International Conference on Computing: Theory and Applications,
	2007. (ICCTA)},
  year = {2007},
  pages = {245--249},
  file = {:yu2007neural.pdf:PDF},
  isbn = {0769527701},
  keywords = {tracking}
}

@ARTICLE{zhang2007unsupervised,
  author = {Zhang, K. and Shi, S. and Gao, H. and Li, J.},
  title = {Unsupervised Outlier Detection in Sensor Networks Using Aggregation
	Tree},
  journal = {Advanced Data Mining and Applications},
  year = {2007},
  pages = {158--169},
  file = {:zhang2007unsupervised.pdf:PDF},
  keywords = {anomaly, outlier},
  owner = {Hsun-Ping},
  publisher = {Springer},
  review = {HP: The idea of Zhang et al. [2007]s’ work is to build all the nodes
	in a structure of aggregation tree. Then let every node in the tree
	transmit some useful data to its parent after gathering all the messages
	from its children.
	
	HP: The Nearest Neighbor-Based Techniques are used in (Id'e, Papadimitriou
	et al. 2007; Zhang, Shi et al. 2007) to identify the fault sensors.}
}

@CONFERENCE{zhou2010approach,
  author = {Zhou, Y. and Cai, X.},
  title = {An Approach to Detect Sensor Node Anomaly in Wireless Sensor Network},
  booktitle = {International Symposium on Computer Network and Multimedia Technology,
	2009. (IEEE-CNMT)},
  year = {2010},
  pages = {1--4},
  file = {:zhou2010approach.pdf:PDF},
  keywords = {anomaly},
  owner = {Hsun-Ping},
  review = {HP: Zhou et al. [2010] developed a solution which allows flexibility
	in the heuristic used to define outliers and works in-network with
	communication load proportional to the outcome.
	
	HP: (Branch, Szymanski et al. 2006; Chen, Kher et al. 2006; Gupta,
	Rong et al. 2007; Yinghua and Xuemei [edit: Zhou and Cai] 2009)used
	the probability or correlation modeling methods to the sensor fault
	probability into the optimal event detection process. To model conditional
	dependence among the observations of sensor attributes Bayesian network-based
	approaches use a probabilistic graphical model to represent a set
	of variables and their probabilistic ndependencies.}
}

@CONFERENCE{zhu2002statstream,
  author = {Zhu, Y. and Shasha, D.},
  title = {Statstream: Statistical Monitoring of Thousands of Data Streams in
	Real Time},
  booktitle = {Proceedings of the 28th International Conference on Very Large Data
	Bases},
  year = {2002},
  pages = {358--369},
  file = {:zhu2002statstream.pdf:PDF},
  keywords = {stream, time series}
}

test
