%% This BibTeX bibliography file was created using BibDesk.
%% http://bibdesk.sourceforge.net/


%% Created for Chasel at 2012-04-09 02:23:36 +0800 


%% Saved with string encoding Unicode (UTF-8) 

@inproceedings{deshpande2005,
	title={Exploiting Correlated Attributes in Acquisitional Query Processing},
	author={Deshpande, A. and Guestrin, C. and Hong, W. and Madden, S.},
	booktitle={ICDE},
	year = {2005},
}

@inproceedings{gantner2010factorization,
	title={Factorization models for context-/time-aware movie recommendations},
	author={Gantner, Z. and Rendle, S. and Schmidt-Thieme, L.},
	booktitle={Proceedings of the Workshop on Context-Aware Movie Recommendation},
	year={2010},
	}

@inproceedings{rendle2010pairwise,
	title={Pairwise interaction tensor factorization for personalized tag recommendation},
	author={Rendle, S. and Schmidt-Thieme, L.},
	booktitle={WSDM},
	year={2010},
	}

@inproceedings{karatzoglou2010multiverse,
	title={Multiverse recommendation: n-dimensional tensor factorization for context-aware collaborative filtering},
	author={Karatzoglou, A. and Amatriain, X. and Baltrunas, L. and Oliver, N.},
	booktitle={RecSys},
	year={2010},
	}

@article{kolda2009tensor,
	title={Tensor decompositions and applications},
	author={Kolda, T.G. and Bader, B.W.},
	journal={SIAM review},
	year={2009},
	}

@article{bergqvist2010higher,
	title={The higher-order singular value decomposition: Theory and an application [lecture notes]},
	author={Bergqvist, G. and Larsson, E.G.},
	journal={Signal Processing Magazine},
	year={2010},
}

@article{carroll1970analysis,
	title={Analysis of individual differences in multidimensional scaling via an N-way generalization of Eckart-Young decomposition},
	author={Carroll, J.D. and Chang, J.J.},
	journal={Psychometrika},
	year={1970},
	}

@article{tucker1963implications,
	title={Implications of factor analysis of three-way matrices for measurement of change},
	author={Tucker, L.R.},
	journal={Problems in measuring change},
	year={1963},
	publisher={University of Wisconsin Press Madison, Wis.}
}

@article{ashton2009internet,
	Author = {Ashton, K.},
	Journal = {RFID Journal},
	Title = {That {`Internet of Things'} Thing},
	Year = {2009}}

@article{gershenfeld2004internet,
	Author = {Gershenfeld, N. and Krikorian, R. and Cohen, D.},
	Journal = {Scientific American},
	Title = {The Internet of things.},
	Year = {2004}}

@techreport{nokia2004machine,
	Institution = {Nokia},
	Title = {Machine-to-Machine: Let Your Machines Talk},
	Type = {White Paper},
	Www_Pdf_Url = {http://www.nokia.com/NOKIA_COM_1/About_Nokia/Press/White_Papers/pdf_files/m2m-white-paper-v4.pdf},
	Year = {2004}}

@article{balazinska2007data,
	Author = {Balazinska, M. and Deshpande, A. and Franklin, M.J. and Gibbons, P.B. and Gray, J. and Hansen, M. and Liebhold, M. and Nath, S. and Szalay, A. and Tao, V.},
	Journal = {IEEE Pervasive Computing},
	Title = {Data management in the worldwide sensor web},
	Year = {2007}}

@article{lawton2004machine,
	Author = {Lawton, G.},
	Journal = {Computer},
	Title = {Machine-to-machine technology gears up for growth},
	Year = {2004}}

@article{estrin2000special,
	Author = {Estrin, D. and Govindan, R. and Heidemann, J.},
	Journal = {Communications of the ACM},
	Title = {Special Issue on Embedding the Internet},
	Year = {2000}}

@inproceedings{li2008spatial,
	Author = {Li, Y.Y. and Parker, L.E.},
	Booktitle = {IROS},
	Title = {A spatial-temporal imputation technique for classification with missing data in a wireless sensor network},
	Year = {2008}}

@inproceedings{li2008data,
	Author = {Li, Y. and Ai, C. and Deshmukh, W.P. and Wu, Y.},
	Booktitle = {ICDCS},
	Title = {Data estimation in sensor networks using physical and statistical methodologies},
	Year = {2008}}

@article{pan2010k,
	Author = {Pan, L. and Li, J.},
	Journal = {Wireless Sensor Network},
	Title = {K-Nearest Neighbor Based Missing Data Estimation Algorithm in Wireless Sensor Networks},
	Year = {2010}}

@article{akyildiz2004exploiting,
	Author = {Akyildiz, I.F. and Vuran, M.C. and Akan, O.B.},
	Journal = {Proceedings of WiOpt'04: Modeling and Optimization in Mobile, Ad Hoc and Wireless Networks},
	Title = {On exploiting spatial and temporal correlation in wireless sensor networks},
	Year = {2004}}

@article{madden2005tinydb,
	Author = {Madden, S.R. and Franklin, M.J. and Hellerstein, J.M. and Hong, W.},
	Journal = {TODS},
	Title = {TinyDB: An acquisitional query processing system for sensor networks},
	Year = {2005}}

@inproceedings{setz2009combining,
	Author = {Setz, C. and Schumm, J. and Lorenz, C. and Arnrich, B. and Tr{\"o}ster, G.},
	Organization = {Measuring Mobile Emotions Workshop at MobileHCI},
	Title = {Combining worthless sensor data},
	Year = {2009}}

@article{le2005estimating,
	Author = {Le Gruenwald, M.H.},
	Journal = {COMAD},
	Title = {Estimating missing values in related sensor data streams},
	Year = {2005}}

@article{zhang:skif,
	Author = {Zhang, P. and Zhu, X. and Tan, J. and Guo, L.},
	Pages = {1869-1872},
	Publisher = {ACM},
	Title = {SKIF: a data imputation framework for concept drifting data streams},
	Year = {2010}}

@inproceedings{Lim:robust,
	Author = {Lim, J.C. and Bleakley, CJ},
	Booktitle = {ICSNC},
	Title = {Robust Data Collection and Lifetime Improvement in Wireless Sensor Networks through Data Imputation},
	Year = {2010}}

@article{Jian-Zhong:STI,
	Author = {Jian-Zhong, P.A.N.L.Q.L.I. and Ji-Zhou, LUO},
	Publisher = {Chinese Journal of Computers},
	Title = {A Temporal and Spatial Correlation Based Missing Values Imputation Algorithm in Wireless Sensor Networks},
	Year = {2010}}

@article{Gruenwald:DEMS,
	Author = {Gruenwald, L. and Sadik, M.S. and Shukla, R. and Yang, H.},
	Publisher = {ACM},
	Title = {DEMS: a data mining based technique to handle missing data in mobile sensor network applications},
	Year = {2010}}

@article{Setz:worthless,
	Author = {Setz, C. and Schumm, J. and Lorenz, C. and Arnrich, B. and Tr{\"o}ster, G.},
	Publisher = {Measuring Mobile Emotions Workshop at MobileHCI},
	Title = {Combining Worthless Sensor Data},
	Year = {2009}}

@article{Garcia:KNNreview,
	Author = {Garc{\'\i}a-Laencina, P.J. and Sancho-G{\'o}mez, J.L. and Figueiras-Vidal, A.R. and Verleysen, M.},
	Journal = {Neurocomputing},
	Title = {K nearest neighbours with mutual information for simultaneous classification and missing data imputation},
	Year = {2009}}

@article{jiang:assoication,
	Author = {Jiang, N.},
	Journal = {High Performance Computing and Communications},
	Title = {A data imputation model in sensor databases},
	Year = {2007}}

@inproceedings{Gruenwald:FARM,
	Author = {Gruenwald, L. and Chok, H. and Aboukhamis, M.},
	Booktitle = {ICDM Workshops},
	Title = {Using data mining to estimate missing sensor data},
	Year = {2007}}

@inproceedings{viran:spatialtemporal,
	Author = {Vuran, M.C. and Akan, O.B.},
	Booktitle = {Communications, 2006. ICC'06. IEEE International Conference on},
	Title = {Spatio-temporal characteristics of point and field sources in wireless sensor networks},
	Year = {2006}}

@article{madden:tinydb,
	Author = {Madden, S.R. and Franklin, M.J. and Hellerstein, J.M. and Hong, W.},
	Journal = {TODS},
	Title = {TinyDB: An acquisitional query processing system for sensor networks},
	Year = {2005}}

@article{Flecher:lossy,
	Author = {Fletcher, A.K. and Rangan, S. and Goyal, V.K.},
	Publisher = {ACM},
	Title = {Estimation from lossy sensor data: jump linear modeling and Kalman filtering},
	Year = {2004}}

@article{Troyanskaya:DNAKNN,
	Author = {Troyanskaya, O. and Cantor, M. and Sherlock, G. and Brown, P. and Hastie, T. and Tibshirani, R. and Botstein, D. and Altman, R.B.},
	Journal = {Bioinformatics},
	Title = {Missing value estimation methods for DNA microarrays},
	Year = {2001}}

@article{Granger:lastseen,
	Author = {Granger, E. and Rubin, M.A. and Grossberg, S. and Lavoie, P.},
	Journal = {IJCNN},
	Title = {Classification of incomplete data using the fuzzy ARTMAP neural network},
	Year = {2000}}

@inproceedings{lou:multivariate_gap,
	Author = {Lou, Q. and Obradovic, Z.},
	Booktitle = {Twenty-Second International Joint Conference on Artificial Intelligence},
	Title = {Modeling Multivariate Spatio-Temporal Remote Sensing Data with Large Gaps},
	Year = {2011}}

@article{tomasi1992shape,
	Author = {Tomasi, C. and Kanade, T.},
	Journal = {International Journal of Computer Vision},
	Title = {Shape and motion from image streams under orthography: a factorization method},
	Year = {1992}}

@inproceedings{eriksson2010efficient,
	Author = {Eriksson, A. and Van Den Hengel, A.},
	Booktitle = {CVPR},
	Title = {Efficient computation of robust low-rank matrix approximations in the presence of missing data using the l1 norm},
	Year = {2010}}

@inproceedings{buchanan2005damped,
	Author = {Buchanan, A.M. and Fitzgibbon, A.W.},
	Booktitle = {CVPR},
	Title = {Damped newton algorithms for matrix factorization with missing data},
	Year = {2005}}

@inproceedings{okatani2011efficient,
	Author = {Okatani, T. and Yoshida, T. and Deguchi, K.},
	Booktitle = {Computer Vision, IEEE International Conference on},
	Title = {Efficient algorithm for low-rank matrix factorization with missing components and performance comparison of latest algorithms},
	Year = {2011}}

@article{beckers2003eof,
	Author = {Beckers, J.M. and Rixen, M.},
	Journal = {Journal of Atmospheric and Oceanic Technology},
	Title = {EOF Calculations and Data Filling from Incomplete Oceanographic Datasets},
	Year = {2003}}

@article{kondrashov2006spatio,
	title={Spatio-temporal filling of missing points in geophysical data sets},
	author={Kondrashov, D. and Ghil, M. and others},
	journal={Nonlinear Processes in Geophysics},
	year={2006}}

@article{alvera2009enhancing,
	Author = {Alvera, A. and Barth, A. and Sirjacobs, D. and Beckers, J.M.},
	Journal = {Ocean Science},
	Title = {Enhancing temporal correlations in EOF expansions for the reconstruction of missing data using DINEOF},
	Year = {2009}}

@inproceedings{chen2011linear,
	Author = {Chen, P.L. and Tsai, C.T. and Chen, Y.N. and Chou, K.C. and Li, C.L. and Tsai, C.H. and Wu, K.W. and Chou, Y.C. and Li, C.Y. and Lin, W.S. and others},
	Booktitle = {KDDCup Workshop},
	Title = {A linear ensemble of individual and blended models for music rating prediction},
	Year = {2011}}

@article{jiang2007estimating,
	Author = {Jiang, N. and Gruenwald, L.},
	Journal = {Advances in Databases: Concepts, Systems and Applications},
	Title = {Estimating missing data in data streams},
	Year = {2007}}

@inproceedings{yuan2000multiple,
	Author = {Yuan, Y.C.},
	Booktitle = {Proceedings of the twenty-fifth annual SAS{\textregistered} Users group international conference},
	Title = {Multiple imputation for missing data: concepts and new development (version 9.0)},
	Year = {2000}}

@inproceedings{liu2011developed,
	Author = {Liu, J.H. and Chen, Y.F. and Lin, T.S. and Lai, D.W. and Wen, T.H. and Sun, C.H. and Juang, J.Y. and Jiang, J.A.},
	Booktitle = {ICST},
	Title = {Developed urban air quality monitoring system based on wireless sensor networks},
	Year = {2011}}

@mastersthesis{chih2008large,
	Author = {Chih-Chao, M.},
	School = {National Taiwan University},
	Title = {Large-scale collaborative filtering algorithms},
	Year = {2008}}

@article{zhou2008large,
	Author = {Zhou, Y. and Wilkinson, D. and Schreiber, R. and Pan, R.},
	Journal = {AAIM},
	Title = {Large-scale parallel collaborative filtering for the Netflix prize},
	Year = {2008}}

@article{koren2009matrix,
	Author = {Koren, Y. and Bell, R. and Volinsky, C.},
	Journal = {Computer},
	Title = {Matrix factorization techniques for recommender systems},
	Year = {2009}}

@article{okatani2007wiberg,
	Author = {Okatani, T. and Deguchi, K.},
	Journal = {IJCV},
	Title = {On the Wiberg algorithm for matrix factorization in the presence of missing components},
	Year = {2007}}

@misc{berkeley2004lab,
	Author = {Peter Bodik and Wei Hong and Carlos Guestrin and Sam Madden and Mark Paskin and Romain Thibaux},
	Howpublished = {\url{http://db.csail.mit.edu/labdata/labdata.html}},
	Title = {Intel Berkeley Research lab dataset},
	Year = {2004}}

@book{vapnik2000nature,
	Author = {Vapnik, V.N.},
	Publisher = {Springer-Verlag New York Inc},
	Title = {The Nature of Statistical Learning Theory},
	Year = {1995}}

@inproceedings{xiao2006space,
	Author = {Xiao, L. and Boyd, S. and Lall, S.},
	Booktitle = {Proceedings of the 5th international conference on Information processing in sensor networks},
	Title = {A space-time diffusion scheme for peer-to-peer least-squares estimation},
	Year = {2006}}

@article{nowak2003distributed,
	Author = {Nowak, R.D.},
	Journal = {Signal Processing, IEEE Transactions on},
	Title = {Distributed EM algorithms for density estimation and clustering in sensor networks},
	Year = {2003}}

