@article{ashton2009internet,
  title={That {`Internet of Things'} Thing},
  author={Ashton, K.},
  journal={RFID Journal},
  volume={22},
  pages={97--114},
  year={2009}
}

@article{gershenfeld2004internet,
  title={The Internet of things.},
  author={Gershenfeld, N. and Krikorian, R. and Cohen, D.},
  journal={Scientific American},
  volume={291},
  number={4},
  pages={76--81},
  year={2004},
  publisher={Springer}
}

@techreport{nokia2004machine,
  title = {Machine-to-Machine: Let Your Machines Talk}, 
  institution = {Nokia}, 
  year = {2004}, 
  type = {White Paper}, 
  www_pdf_url = {http://www.nokia.com/NOKIA_COM_1/About_Nokia/Press/White_Papers/pdf_files/m2m-white-paper-v4.pdf},
}

@article{balazinska2007data,
  title={Data management in the worldwide sensor web},
  author={Balazinska, M. and Deshpande, A. and Franklin, M.J. and Gibbons, P.B. and Gray, J. and Hansen, M. and Liebhold, M. and Nath, S. and Szalay, A. and Tao, V.},
  journal={IEEE Pervasive Computing},
  pages={30--40},
  year={2007},
  publisher={IEEE Computer Society}
}

@article{lawton2004machine,
  title={Machine-to-machine technology gears up for growth},
  author={Lawton, G.},
  journal={Computer},
  volume={37},
  number={9},
  pages={12--15},
  year={2004},
  publisher={IEEE}
}

@article{estrin2000special,
  title={Special Issue on Embedding the Internet},
  author={Estrin, D. and Govindan, R.  and Heidemann, J.},
  journal={Communications of the ACM},
  volume={43},
  number={5},
  month={May},
  year={2000},
}

@inproceedings{li2008spatial,
  title={A spatial-temporal imputation technique for classification with missing data in a wireless sensor network},
  author={Li, Y.Y. and Parker, L.E.},
  booktitle={International Conference on Intelligent Robots and Systems},
  pages={3272--3279},
  year={2008},
  organization={IEEE}
}

@inproceedings{li2008data,
  title={Data estimation in sensor networks using physical and statistical methodologies},
  author={Li, Y. and Ai, C. and Deshmukh, W.P. and Wu, Y.},
  booktitle={The 28th International Conference on Distributed Computing Systems},
  pages={538--545},
  year={2008},
  organization={IEEE}
}

@article{pan2010k,
  title={K-Nearest Neighbor Based Missing Data Estimation Algorithm in Wireless Sensor Networks},
  author={Pan, L. and Li, J.},
  journal={Wireless Sensor Network},
  volume={2},
  number={2},
  pages={115--122},
  year={2010},
  publisher={Scientific Research Publishing}
}

@article{akyildiz2004exploiting,
  title={On exploiting spatial and temporal correlation in wireless sensor networks},
  author={Akyildiz, I.F. and Vuran, M.C. and Akan, O.B.},
  journal={Proceedings of WiOptâ€™04: Modeling and Optimization in Mobile, Ad Hoc and Wireless Networks},
  pages={71--80},
  year={2004}
}

@article{madden2005tinydb,
  title={TinyDB: An acquisitional query processing system for sensor networks},
  author={Madden, S.R. and Franklin, M.J. and Hellerstein, J.M. and Hong, W.},
  journal={ACM Transactions on Database Systems (TODS)},
  volume={30},
  number={1},
  pages={122--173},
  year={2005},
  publisher={ACM}
}

@inproceedings{setz2009combining,
  title={Combining worthless sensor data},
  author={Setz, C. and Schumm, J. and Lorenz, C. and Arnrich, B. and Tr{\"o}ster, G.},
  year={2009},
  organization={Measuring Mobile Emotions Workshop at MobileHCI}
}

@article{le2005estimating,
  title={Estimating missing values in related sensor data streams},
  author={Le Gruenwald, M.H.},
  year={2005},
  publisher={Citeseer}
}

@article{jiang2007estimating,
  title={Estimating missing data in data streams},
  author={Jiang, N. and Gruenwald, L.},
  journal={Advances in Databases: Concepts, Systems and Applications},
  pages={981--987},
  year={2007},
  publisher={Springer}
}

@inproceedings{karatzoglou2010multiverse,
  title={Multiverse recommendation: n-dimensional tensor factorization for context-aware collaborative filtering},
  author={Karatzoglou, A. and Amatriain, X. and Baltrunas, L. and Oliver, N.},
  booktitle={Proceedings of the fourth ACM conference on Recommender systems},
  pages={79--86},
  year={2010},
  organization={ACM}
}